<?xml version="1.0" encoding="UTF-8"?><collection xmlns="http://www.loc.gov/MARC21/slim"><record><leader>00665nam--2200205-u-4500</leader><controlfield tag="001">000053186</controlfield><controlfield tag="002">20161230</controlfield><controlfield tag="005">20161230201051</controlfield><controlfield tag="008">110112s1000------------r-----000-0-eng-d</controlfield><datafield ind1=" " ind2=" " tag="040"><subfield code="a">IFIN-HH</subfield></datafield><datafield ind1=" " ind2=" " tag="080"><subfield code="a">539.165(061.3)</subfield></datafield><datafield ind1="1" ind2=" " tag="100"><subfield code="a">Popescu, I.I</subfield></datafield><datafield ind1="1" ind2="0" tag="245"><subfield code="a">Induced gamma emission foundation. ige'97</subfield><subfield code="b">Proceedings of the first international induced gamma emission workshop, august 16-20, 1997, predeal, romania</subfield><subfield code="c">I.i. popoescu; c.a. ur (eds.)</subfield></datafield><datafield ind1=" " ind2=" " tag="260"><subfield code="a">Bucuresti</subfield><subfield code="b">Metropol</subfield><subfield code="c">1999</subfield></datafield><datafield ind1=" " ind2=" " tag="300"><subfield code="a">407P</subfield></datafield><datafield ind1=" " ind2=" " tag="490"><subfield code="a">Proceedings</subfield></datafield><datafield ind1=" " ind2=" " tag="500"><subfield code="a">Donatie Din Partea Editorilor</subfield></datafield><datafield ind1="1" ind2=" " tag="700"><subfield code="a">Ur, C.A</subfield><subfield code="e">Ed</subfield></datafield><datafield ind1=" " ind2=" " tag="852"><subfield code="a">81080</subfield><subfield code="c">539.17</subfield></datafield><datafield ind1=" " ind2=" " tag="CAT"><subfield code="a">Sys</subfield><subfield code="c">20121123</subfield><subfield code="h">095909</subfield></datafield></record></collection>